@book{toledodesvendando,
	title = "Desvendando as Redes El{\'e}tricas Inteligentes - Smart Grid Handbook",
	author = "Fábio Toledo",
	isbn = "9788574525419",
	url = "https://books.google.com.br/books?id=B_Z4JeO_3VAC",
	urlaccessdate = "20 set 2018",
	year = "2012",
	publisher = "BRASPORT"
}
@book{cgeeredes,
	author = "CGEE",
	title = "Redes el{\'e}tricas inteligentes: contexto nacional",
	publisher = "CGEE",
	year = "2012",
	series = "S{\'e}rie Documentos T{\'e}cnicos 16",
	address = "Bras{\'i}lia",
	note = "(Versão 1.5)"
}
@book {aneelprojeto,
	author = "ANEEL",
	publisher = "ANEEL",
	title = "CHAMADA Nº 011/2010 - Projeto Estrat{\'e}gico: Programa Brasileiro de Rede El{\'e}trica Inteligente",
	year = "2010",
	address = "Bras{\'i}lia",
	url = "http://redesinteligentesbrasil.org.br/produtos/category/19-edital-de-chamada-de-projeto-estrategico-11-2010.html?download=159:edital-da-chamada-de-projeto-estrategico-11-2010",
	urlaccessdate = "22 set 2018"
}
@book {regulation,
	author = "Nouredine Hadjsaid",
	publisher = "MCTIC",
	title = "Regulation in Smart Grids - Brazil - European Union",
	year = "2016",
	address = "Brasil",
	url = "http://www.sectordialogues.org/sites/default/files/acoes/documentos/ener0007-publi-pt_0.pdf",
	urlaccessdate = "20 oct 2018"
}
@book {dialogo,
	author = "Marcelo Aparecido Pelegrini and Zita A. Vale",
	publisher = "MCTIC",
	title = "Redes Elétricas Inteligentes - Diálogo Setorial Brasil-União Europeia",
	year = "2014",
	address = "Brasil",
	url = "http://www.sectordialogues.org/sites/default/files/acoes/documentos/redes_eletricas_inteligentes_-_dialogo_setorial_brasil-uniao_europeia_2014.pdf",
	urlaccessdate = "20 oct 2018"
}
@book {censo2010,
	author = "IBGE",
	publisher = "IBGE",
	title = "Censo demográfico : 2010 : características da população e dos domicílios : resultados do universo",
	year = "2010",
	address = "Rio de Janeiro",
	url = "https://biblioteca.ibge.gov.br/visualizacao/periodicos/93/cd_2010_caracteristicas_populacao_domicilios.pdf",
	urlaccessdate = "27 oct 2018"
}
@book {setorial,
	author = "ABDI",
	title = "Relatório de Acompanhamento Setorial",
	year = "2012",
	address = "Brasil"
}
@book {atlas,
	author = "ANEEL",
	publisher = "ANEEL",
	title = "Atlas de energia elétrica do Brasil",
	year = "2008",
	edition = "3",
	address = "Brasília"
}
@hidden {ceer,
	author = "CEER",
	publisher = "European Regulators Group for Electricity and Gas",
	year = "2010"
}
@book {eletrica,
	author = "Giuseppe Giovanni and Massimo Gozzi and Tera Miho Shiozaki Parede",
	publisher = "Fundação Padre Anchieta",
	title = "Eletrônica: Máquinas e instalações elétricas",
	year = "2011",
	collection = "Coleção Técnica Interativa",
	series = "Série Eletrônica",
	volume = "3",
	address = "São Paulo"
}
@article{hardware,
	author = "Ganiyu A. Ajenikoko and Anthony A. Olaomi",
	title = "Hardware Design of a Smart Meter",
	journaltitle = "Journal of Engineering Research and Applications",
	date = "sep 2014",
	year = "2014",
	volume = "4",
	issue = "9",
	pages = "115--119",
	issn = "2248-9622"
}
@book {kabalci,
	editor = "Ersan Kabalci and Yasin Kabalci",
	publisher = "Springer",
	title = "Smart Grids and Their Communication Systems",
	year = "2019",
	series = "Energy Systems in Electrical Engineering",
	address = "Singapore"
}
@article{gellings2017,
	author = "GELLINGS, Clark W.",
	title = "Evolving practice of demand-side management",
	journal = "Journal of Modern Power Systems and Clean Energy",
	year = "2017",
	month = "Jan",
	day = "01",
	volume = "5",
	number = "1",
	pages = "1--9",
	issn = "2196-5420",
	doi = "10.1007/s40565-016-0252-1",
	url = "https://doi.org/10.1007/s40565-016-0252-1"
}
@book{frascati,
	author = "OECD",
	title = "Frascati Manual 2015",
	year = "2015",
	pages = 400,
	url = "https://www.oecd-ilibrary.org/content/publication/9789264239012-en",
	doi = "https://doi.org/https://doi.org/10.1787/9789264239012-en" 
}
@book {balanco,
	editor = "EPE",
	publisher = "EPE",
	title = "Balanço Energético Nacional 2017: Ano base 2016",
	year = "2017",
	address = "Rio de Janeiro"
}
@ARTICLE{gellings1985,
	author="C. W. Gellings",
	journal="Proceedings of the IEEE",
	title="The concept of demand-side management for electric utilities",
	year="1985",
	volume="73",
	number="10",
	pages="1468-1470",
	keywords="Power industry;Energy management;Load management;Shape;Marketing management;Home appliances;Load flow control;Art;Power system management;Energy consumption",
	doi="10.1109/PROC.1985.13318",
	ISSN="0018-9219",
	month="Oct"
}
@book {aneelBaixa,
	author = "ANEEL",
	publisher = "ANEEL",
	title = "Nota Técnica nº 362/2010-SRE-SRD/ANEEL. Sinal Econômico para baixa tensão",
	year = "2010",
	address = "Bras{\'i}lia",
	url = "http://www2.aneel.gov.br/aplicacoes/audiencia/arquivo/2010/120/documento/nota_tecnica_n%C2%BA_362_2010_sre-srd-aneel.pdf",
	urlaccessdate = "29 nov 2018"
}
@booklet{nansen,
	editor = "Nansen",
	title = "Tarifa Branca: Tudo o que você precisa saber",
	year = "2017",
	url = "http://www.nansen.com.br/downloads/ebook-tarifa-branca-nansen.pdf",
	urlaccessdate = "25 oct 2018"
}
@book {abdiCidades,
	author = "ABDI",
	title = "Documento de referência: ambiente de demonstração de tecnologias para cidades inteligentes",
	year = "2017",
	address = "Brasil",
	url = "https://cidadesinteligentes.abdi.com.br/downloads/dl_documento_de_referencia.pdf",
	urlaccessdate = "1 dez 2018"
}
@book {mahmoud,
	author = "Mahmoud Al-Qutayri",
	editor = "In-teh",
	title = "Smart Home Systems",
	year = "2010",
	address = "India",
	isbn = "978-953-307-050-6",
	url = "https://www.intechopen.com/books/smart-home-systems",
}
@article{article,
	author = "Weiser, Mark",
	year = "1991",
	month = "09",
	pages = "94",
	title = "The Computer for the 21st Century",
	volume = "265",
	journal = "Scientific American",
	doi = "10.1038/scientificamerican0991-94"
}
@book {waleed,
	author = "Waleed Ejaz and Alagan Anpalagan",
	editor = "Springer",
	title = "
	Internet of Things for Smart Cities: Technologies, Big Data and Security",
	year = "2019",
	address = "Switzerland",
	series = "SpringerBriefs in Electrical and Computer Engineering",
	isbn = "978-3-319-95037-2"
}
@book{ghayvat2017wellness,
	title="Wellness Protocol for Smart Homes: An Integrated Framework for Ambient Assisted Living",
	author="Ghayvat, H. and Mukhopadhyay, S.C.",
	isbn="9783319520483",
	series="Smart Sensors, Measurement and Instrumentation",
	year="2017",
	publisher="Springer International Publishing"
}
@book{hargreaves2017smart,
	title="Smart Homes and Their Users",
	author="Hargreaves, T. and Wilson, C.",
	isbn="9783319680187",
	series="Human--Computer Interaction Series",
	year="2017",
	publisher="Springer International Publishing"
}
@TechReport{ituY2060,
	author = "ITU",
	title = "Y.2060 : Overview of the Internet of things",
	institution = "ITU",
	type = "Recommendation",
	number = "ITU-T Y.2060",
	address = "Geneva",
	month = jun,
	url = "https://www.itu.int/rec/T-REC-Y.2060-201206-I",
	year = "2012"
}
@book{hanes2017iot,
	title="IoT Fundamentals: Networking Technologies, Protocols, and Use Cases for the Internet of Things",
	author="Hanes, D. and Salgueiro, G. and Grossetete, P. and Barton, R. and Henry, J.",
	isbn="9780134307084",
	series="Fundamentals",
	year="2017",
	publisher="Pearson Education"
}
@book{raj2017internet,
	title="The Internet of Things: Enabling Technologies, Platforms, and Use Cases",
	author="Raj, P. and Raman, A.C.",
	isbn="9781498761291",
	year="2017",
	publisher="CRC Press"
}
@book{armentano2017internet,
	title="The Internet of Things: Foundation for Smart Cities, eHealth, and Ubiquitous Computing",
	author="Armentano, R. and Bhadoria, R.S. and Chatterjee, P. and Deka, G.C.",
	isbn="9781351652094",
	year="2017",
	publisher="CRC Press"
}
@book{karlin2015,
	title="Characterization and Potential of Home Energy Management (HEM) Technology",
	author="Beth Karlin and Rebecca Ford and Angela Sanguinetti and Cassandra Squiers and John Gannon and Mukund Rajukumar and Kat A. Donnelly",
	address= "San Francisco, CA",
	url="http://www.cusa.uci.edu/wp-content/uploads/2015/02/PGE-HEMS-Report.pdf",
	year="2015",
	publisher="Pacific Gas and Electric"
}
@article{7123563,
	author="A. Al-Fuqaha and M. Guizani and M. Mohammadi and M. Aledhari and M. Ayyash",
	journal="IEEE Communications Surveys Tutorials",
	title="Internet of Things: A Survey on Enabling Technologies, Protocols, and Applications",
	year="2015",
	volume="17",
	number="4",
	pages="2347-2376",
	doi="10.1109/COMST.2015.2444095",
	ISSN="1553-877X",
	month="Fourthquarter"
}
@book{adryan2017technical,
	title="The Technical Foundations of IoT",
	author="Adryan, B. and Obermaier, D. and Fremantle, P.",
	isbn="9781630812515",
	lccn="2017285313",
	series="Artech House mobile communications series",
	year="2017",
	publisher="Artech House"
}
@book{lea2018internet,
	title="Internet of Things for Architects: Architecting IoT solutions by implementing sensors, communication infrastructure, edge computing, analytics, and security",
	author="Lea, P.",
	isbn="9781788475747",
	year="2018",
	publisher="Packt Publishing"
}
@book{haughian2018design,
	title="Design, Launch, and Scale IoT Services: A Practical Business Approach",
	author="Haughian, B.",
	isbn="9781484237120",
	year="2018",
	publisher="Apress"
}
@book{Budka:2014:CNS:2597622,
	author = "Budka, Kenneth C. and Deshpande, Jayant G. and Thottan, Marina",
	title = "Communication Networks for Smart Grids: Making Smart Grid Real",
	year = "2014",
	isbn = "144716301X, 9781447163015",
	publisher = "Springer Publishing Company, Incorporated",
}
@book{IoTCirani,
	author = "Cirani, Simone and Ferrari, Gianluigi and Picone, Marco and Veltri, Luca",
	year = "2018",
	month = "10",
	title = "Internet of Things: Architectures, Protocols and Standards",
	isbn = "9781119359678",
	doi = "10.1002/9781119359715"
}
@book{Mir:2014:CCN:2830617,
	author = "Mir, Nader F.",
	title = "Computer and Communication Networks",
	year = "2014",
	isbn = "0133814742, 9780133814743",
	edition = "2nd",
	publisher = "Prentice Hall Press",
	address = "Upper Saddle River, NJ, USA",
}
@book{Comer:2008:CNI:1816918,
	author = "Comer, Douglas E.",
	title = "Computer Networks and Internets",
	year = "2008",
	isbn = "0136061273, 9780136066989",
	edition = "5th",
	publisher = "Prentice Hall Press",
	address = "Upper Saddle River, NJ, USA",
}
@ONLINE {primealliance,
	publisher = "Prime Alliance",
	title  = "PRIME v1.4 White Paper",
	year = "2014",
	url    = "https://www.prime-alliance.org/wp-content/uploads/2014/10/whitePaperPrimeV1p4_final.pdf"
}
@book{sato2015smart,
	title="Smart Grid Standards: Specifications, Requirements, and Technologies",
	author="Sato, T. and Kammen, D.M. and Duan, B. and Macuha, M. and Zhou, Z. and Wu, J. and Tariq, M. and Asfaw, S.A.",
	isbn="9781118653777",
	lccn="2014014868",
	year="2015",
	publisher="Wiley"
}
@book{Lampe:2016:PLC:3055710,
	author = "Lampe, Lutz and Tonello, Andrea M. and Swart, Theo G.",
	title = "Power Line Communications: Principles, Standards and Applications from Multimedia to Smart Grid",
	year = "2016",
	isbn = "1118676718, 9781118676714",
	edition = "2nd",
	publisher = "Wiley Publishing",
}
@book{Tennina:2013:IZE:2517775,
	author = "Tennina, Stefano and Kouba, Anis and Daidone, Roberta and Alves, Mrio and Jurck, Petr and Severino, Ricardo and Tiloca, Marco and Hauer, Jan-Hinrich and Pereira, Nuno and Dini, Gianluca and Bouroche, Mlanie and Tovar, Eduardo",
	title = "IEEE 802.15.4 and ZigBee As Enabling Technologies for Low-Power Wireless Systems with Quality-of-Service Constraints",
	year = "2013",
	isbn = "3642373674, 9783642373671",
	publisher = "Springer Publishing Company, Incorporated",
}
@ONLINE {allegromicrosystemsinc.2019,
	author = "{Allegro MicroSystems, Inc.}",
	title  = "0 to 50 A Integrated Current Sensor ICs",
	year   = "2019",
	url    = "https://www.allegromicro.com/en/Products/Current-Sensor-ICs/Zero-To-Fifty-Amp-Integrated-Conductor-Sensor-ICs.aspx"
}
@ONLINE {acs712ME067,
	author = "www.openplatform.cc",
	title  = "User Manual For ACS712 20A Range Current Sensor Module for Arduino (ME067)",
	year   = "2017",
	url    = "https://produktinfo.conrad.com/datenblaetter/1600000-1699999/001616236-an-01-en-STROMSENS__MOD__20A_ACS712_ME067.pdf"
}
@ONLINE {qingxianzeminglangxielectronicdevicesco.ltd2018,
	author = "{Qingxian Zeming Langxi Electronic Devices Co., Ltd}",
	title  = "ZMPT101B Current-type Voltage Transformer",
	year   = "2018",
	url    = "http://5nrorwxhmqqijik.leadongcdn.com/attachment/kjilKBmoioSRqlkqjoipSR7ww7fgzb73m/ZMPT101B-specification.pdf"
}
@book{Aftab:2017:BBL:3153953,
	author = "Aftab, Muhammad Usama bin",
	title = "Building Bluetooth Low Energy Systems",
	year = "2017",
	isbn = "1786461080, 9781786461087",
	publisher = "Packt Publishing",
}
@book{townsend2014getting,
	title     = "Getting Started with Bluetooth Low Energy",
	author    = "Townsend, K. and Davidson, R. and Cuf{\'i}, C.",
	isbn      = "9781491949511",
	lccn      = "2014498081",
	year      = "2014",
	publisher = "O'Reilly"
}
@booklet{espressifESP32,
	editor = "{Espressif Systems}",
	title = "ESP32 Hardware Design Guidelines",
	year = "2019",
	url = "https://www.espressif.com/sites/default/files/documentation/esp32_hardware_design_guidelines_en.pdf",
	urlaccessdate = "24 jun 2019"
}
@ARTICLE {smart2016,
	author  = "Paulo Sérgio Sausen, Maurício de Campos, Airam Tereza Romcy Zago Sausen, Luís Fernando Sauthier, Alexandre Cunha Oliveira, Samuel Centenaro de Oliveira",
	title   = "Desenvolvimento de um sistema completo de smart metering bidirecional para aplicações em smart grids",
	journal = "Revista Eletrônica de Potência",
	year    = "2016",
	volume  = "21",
	number  = "2",
	month   = "jun",
	publisher = "SOBRAEP",
	url = "http://sobraep1.tempsite.ws/site/uploads/2018/06/rvol21no2p17.pdf",
	urlaccessdate = "24 jun 2019"
}
