%--------------------------------------------
    @article{alanT,
	Author = "Alan M. Turing",
	Address = "DORDRECHT",
	Journal = "Parsing the Turing Test",
    Publisher = "Springer",
	Pages = "23-65",
	Title = "Computer Machinery and intelligence",
	Year = "2009",
	}
	
	@book{livro,
	Publisher = "Springer Publishing Company, Incorporated",
	Address = "DORDRECHT",
	Author = "Alan M. Turing",
	Title = "Computer Machinery and intelligence",
    Editor = "PARSING THE TURING TEST",
	Pages = "23-65",
	Year = "2009",
	}
	
    @book{exRedeNeural,
	Publisher = "GitBook",
	Author = "Leonardo Araujo Santos",
	Title = "Artificial intelligence and machine learning",
    Editor = "PARSING THE TURING TEST",
	Pages = "65",
	Url = "https://leonardoaraujosantos.gitbooks.io/artificial-inteligence/content/linear_algebra.html",
	Year = "2018",
	}
	
	@manual{neural,
	Author = "Brendan Tierney, Oracle Groundbreaker Ambassador, Oracle ACE Director7",
	Title  = "Understanding, Building and Using Neural Network Machine Leaning Models using Oracle 18c",
	Url = "https://developer.oracle.com/databases/neural-network-machine-learning.html",
	Urlaccessdate = "2019",
	Year = "2018",
	Pages = "",
    }
    
    @manual{neuralConv,
	Author = "Andréa Longarini",
	Title  = "Redes Neurais Artificiais | As máquinas pensam?",
	Url = "https://www.lambda3.com.br/2019/09/redes-neurais-artificiais-as-maquinas-pensam/",
	Urlaccessdate = "2019",
	Year = "2019",
	Pages = "",
    }
    
    @manual{ardupilot,
	Author = "Ardupilot",
	Title  = "ArduPilot Documentation",
	Url = "https://ardupilot.org/ardupilot/",
	Urlaccessdate = "2019",
	Year = "2019",
	Pages = "",
    }
    
    @manual{px4,
   	Author = "px4.io",
   	Title  = "Px4 Documentation",
   	Url = "https://px4.io/",
   	Urlaccessdate = "2019",
   	Year = "2020",
   	Pages = "",
   }	
    
    @manual{inproceedings, 
    author = "MARCOS ALMEIDA CYPRIANO, ROBERTO MAKIO MARTINS IMANISHI", 
    year = "2014", 
    title = "ESTUDO DAS FORÇAS GERADAS POR UMA HÉLICE",
    Url ="http://www.engenhariamecanica.ufes.br/sites/engenhariamecanica.ufes.br/files/field/anexo/2015.1_-_marcos_cypriano_roberto_makio.pdf",
    } 
    
    @article{momesf,
	Author = "Peter BurggrÄf and Alejandro Ricardo Pérez Martínez and Hubert Roth and Johannes Wagner",
	Journal = "SN Applied Sciences",
	volume = "1",
	number = "722",
    Publisher = "Springer",
	Title = "Quadrotors in factory applications: design and implementation of the quadrotor’s P-PID cascade control system",
	Year = "2019",
	Url = "https://doi.org/10.1007/s42452-019-0698-7",
	}
	
	@inproceedings{forcecontrol,   
    author = {Meng, Xiangdong and He, Yu Qing and Qi, Li and Gu, Feng and Yang, Liying and Yan, Tengfei and Han, Jianda}, 
    year = {2018}, 
    month = {10}, 
    pages = {2107-2113}, 
    title = {Contact Force Control of an Aerial Manipulator in Pressing an Emergency Switch Process}, 
    doi = {10.1109/IROS.2018.8593535} 
    }
    
    @manual{calcmov,
	Author = "MSARDONINI",
	Title  = "The Basic Physics of the Quad-Copter",
	Url = "https://beaglequad.wordpress.com/2015/10/03/the-basic-physics-of-the-quad-copter/",
	Urlaccessdate = "2020",
	Year = "2015",
	Pages = "",
    }
    
    @article{adamgeitgey,
	Author = "Adam Geitgey",
    Publisher = "Medium.com",
	Title = "Machine Learning is Fun! Part 4: Modern Face Recognition with Deep Learning",
	Year = "2016",
	Url = "https://medium.com/@ageitgey/machine-learning-is-fun-part-4-modern-face-recognition-with-deep-learning-c3cffc121d78",
	}
	
	@article{adriamRF,
	Author = "Adrian Rosebrock",
    Publisher = "pyimagesearch.com",
	Title = "Face recognition with OpenCV, Python, and deep learning",
	Year = "2018",
	Url = "https://www.pyimagesearch.com/2018/06/18/face-recognition-with-opencv-python-and-deep-learning/",
	}
	
	@article{DBLP:journals/corr/HeZRS15,  
	author = "Kaiming He and Xiangyu Zhang and Shaoqing Ren and Jian Sun", 
    title = "Deep Residual Learning for Image Recognition",   
    journal = "CoRR",   
    volume = "abs/1512.03385", 
    year = "2015",   
    url = "http://arxiv.org/abs/1512.03385", 
    archivePrefix = "arXiv",   
    eprint = "1512.03385",   
    timestamp = "Wed, 17 Apr 2019 17:23:45 +0200", 
    biburl = "https://dblp.org/rec/journals/corr/HeZRS15.bib", 
    bibsource = "dblp computer science bibliography, https://dblp.org"
    } 
    
    @article{dlib1,
	Author = " Davis King",
	Title = "High Quality Face Recognition with Deep Metric Learning",
	Year = "2017",
	Url = "http://blog.dlib.net/2017/02/high-quality-face-recognition-with-deep.html",
	}
	
	@manual{grabcad,
	Author = " Davis King",
	Title = "High Quality Face Recognition with Deep Metric Learning",
	Year = "2017",
	Url = "http://blog.dlib.net/2017/02/high-quality-face-recognition-with-deep.html",
	}
	
    @inproceedings{motordrive,
    title="Design of an integrated electronic speed controller for compact robotic vehicles",
    author="Tefay, Benjamin and Eizad, Bazle and Crosthwaite, Peter and Singh, Surya and Postula, Adam",
    booktitle="Proc. of Australasian Conf. Robotics and Automation",
    pages="1--8",
    year="2011" 
    }
    
    @manual{um,
    title="Brasil não soluciona nem 10\% dos seus homicidios",
    Address = "Parana",
    author="Mauricio Brum, Henrique Kanitz",
    Date-Added = {2018-09-17 11:39:00 +0000},
    Date-Modified = {2018-09-17 11:39:00 +0000},
    Journal = "Gazeta do Povo",
    year="2018", 
    Urlaccessdate = {17 set. 2019},
    url = "https://www.gazetadopovo.com.br/ideias/brasil-nao-soluciona-nem-10-dos-seus-homicidios-d726kw8ykpwh6xm41zakgzoue/"
    }

	@book{metodologia,
	title="Metodologia científica",
	author="Lino Rampazzo",
	year="2005",
	publisher="Edições Loyola"
	}


	@misc{raspdoc,
	author = "raspberrypi.org",
	title = "Raspberrypi documentation",
	year = "2020",
	date = "2020",
	url = "https://www.raspberrypi.org/documentation/",
	}

	@manual{dois,
	title="A sociedade mais vigiada do mundo: como a China usa o reconhecimento facial",
	author="Felipe Zmoginski",
	Date-Added = {2019-01-19 04:00:00 +0000},
	Journal = "UOL",
	year="2019", 
	Urlaccessdate = {20 set. 2019},
	url = "https://www.uol.com.br/tilt/noticias/redacao/2019/01/19/a-sociedade-mais-vigiada-do-mundo-como-a-china-usa-o-reconhecimento-facial.htm"
	}
	
	@misc{tres,
		author = {ardupilot.org},
		title = {Communicating with Raspberry Pi via MAVLink},
		year = {2020},
		url = {https://ardupilot.org/dev/docs/raspberry-pi-via-mavlink.html},
	}
	
	
	@article{quatro,
		author = "Dércia Antunes de Souza and Carlos Guilherme de Souza and Silvano Junior de Oliveira and Fernanda Deolinda Fajan and Cristina Becker Matos Nabarro",
		title = "C{\^A}MERAS DE SEGURAN{\c{C}}A E SEUS SISTEMAS TECNOL{\'O}GICOS: Percep{\c{c}}{\~o}es sobre os motivos da utiliza{\c{c}}{\~a}o",
		date = "out - 2016",
		pages = "1-13",
		url = "https://www.aedb.br/seget/arquivos/artigos17/12425136.pdf",
		year = "2016",
	}
	
	@misc{cinco,
		author = {Victor Hugo Silva},
		title = {Rio de Janeiro identificou 8 mil pessoas com reconhecimento facial no Carnaval},
		year = {2019},
		url = {https://tecnoblog.net/289696/rio-de-janeiro-identificou-8-mil-reconhecimento-facial/},
	}
	
	@manual{seis,
		author = {Angela Moulin S. Penalva Santos},
		title = {Políticas sociais em xeque: impactos da crise sobre as finanças municipais},
		date = {2018-12},
		editora = {Boletim Petróleo, Royalties e Região},
		month = {Desembro},
		year = {2018},
		url = {https://royaltiesdopetroleo.ucam-campos.br/wp-content/uploads/2018/12/boletim-royalties-N61-dezem-2018-artigo-4.pdf},
		pages = {35-46},
		address = {Rio de Janeiro},
	}
	
	@misc{sete,
		author = {Dronecode},
		title = {mRo Pixhawk Flight Controller (Pixhawk 1)},
		url = {https://docs.px4.io/v1.9.0/en/flight_controller/mro_pixhawk.html},
		year = {2020},
	}
	

	@misc{oito,
		author = {raspberrypi.org},
		title = {Raspberry Pi 3 Model B},
		url = {https://www.raspberrypi.org/products/raspberry-pi-3-model-b/},
		year = {2020},
		Urlaccessdate = {5 out. 2019},
	}
	
	@misc{nove,
		author = {deeplearningbook.},
		title = {Deep Learning e a Tempestade Perfeita},
		url = {http://deeplearningbook.com.br/deep-learning-a-tempestade-perfeita/},
		year = {2019},
		Urlaccessdate = {1 dez. 2019},
	}	
	@misc{dez,
		author = {sas},
		title = {Deep Learning
		O que é e qual sua importância?},
		url = {https://www.sas.com/pt_br/insights/analytics/machine-learning.html},
		year = {2019},
		Urlaccessdate = {1 dez. 2019},
	}
	
	@online{onze,
		author = {mc.ai},
		title = {Understanding Convolutional Neural Networks(CNNs)},
		url = {https://mc.ai/understanding-convolutional-neural-networkscnns/},
		year = {2019},
		Urlaccessdate = {1 dez. 2019},
	}
	
	@misc{doze,
		author = {Opencv},
		title = {Face Recognition with OpenCV},
		url = {https://docs.opencv.org/trunk/da/d60/tutorial_face_main.html},
		year = {2019},
		Urlaccessdate = {1 dez. 2019},
	}
	
	@misc{treze,
		author = {mavlink},
		title = {MAVLink Developer Guide},
		url = {https://mavlink.io/en/},
		year = {2019},
		Urlaccessdate = {1 dez. 2019},
	}
	
	@misc{quatorze,
		author = {ardupilot},
		title = {Software},
		url = {https://ardupilot.org/ABOUT},
		year = {2019},
		Urlaccessdate = {1 dez. 2019},
	}
	
	@misc{quinze,
		author = {OpenCV},
		title = {Introduction to OpenCV-Python Tutorials},
		url = {https://docs.opencv.org/master/d0/de3/tutorial_py_intro.html},
		year = {2019},
		Urlaccessdate = {1 dez. 2019},
	}
	
	@misc{dezesseis,
		author = {G1},
		title = {Câmeras de segurança ajudam cada vez mais a polícia na solução de crimes no Sul do Rio},
		url = {https://g1.globo.com/rj/sul-do-rio-costa-verde/noticia/2018/11/23/cameras-de-seguranca-ajudam-cada-vez-mais-a-policia-na-solucao-de-crimes-no-sul-do-rio.ghtml},
		year = {2019},
		Urlaccessdate = {1 dez. 2019},
	}
	
	@misc{dezessete,
		author = {OpenCV},
		title = {OpenCV Documentations},
		url = {htpps://opencv.org},
		year = {2019},
		Urlaccessdate = {1 dez. 2019},
	}
	
	@misc{dezoito,
		author = {Exame},
		title = {Jipeiros e operadores de drones se mobilizam para ajudar em Brumadinho},
		url = {https://exame.com/brasil/jipeiros-e-operadores-de-drones-se-mobilizam-para-ajudar-em-brumadinho/},
		year = {2019},
		Urlaccessdate = {1 dez. 2019},
	}
	
	@book{vinte,
		author = {Ben Coppin},
		title = {Inteligencia Artificial},
		date = {2013},
		year = {2013},
		editora = {LTC},
		edition = {1},
		location = {Rio de Janeiro},
	}
	
	@book{vinteum,
		author = {André C. P. L. F. de Carvalho and João Gama and Ana Carolina Lorena and Katti Faceli},
		title = {Inteligência Artificial - Uma Abordagem de Aprendizado de Máquina
		},
		date = {2011},
		year = {2011},
		editora = {LTC},
		edition = {1},
		location = {São Paulo},
		pages = {1-3},
		Urlaccessdate = {4 dez. 2019},
	}
	
	@book{vintedois,
		author = {Fabrício Machado da Silva and  Maikon Lucian Lenz and Pedro Henrique Chagas Freitas and  Sidney Cerqueira Bispo dos Santos},
		title = {Inteligência Artificial},
		date = {2019},
		year = {2019},
		editora = {LTC},
		edition = {1},
		location = {São Paulo},
		pages = {11-118},
		Urlaccessdate = {1 dez. 2019},
	}
	
	@misc{vintetres,
		author = {Raspberrypi.org},
		title = {Raspberry Pi 3 Model B},
		url = {https://exame.com/brasil/jipeiros-e-operadores-de-drones-se-mobilizam-para-ajudar-em-brumadinho/},
		year = {2019},
		Urlaccessdate = {26 jan. 2020},
	}
	
	@misc{vintequatro,
		author = {Wikipedia},
		title = {Motor de corrente contínua sem escovas},
		url = {https://pt.wikipedia.org/wiki/Motor_de_corrente_continua_sem_escovas},
		year = {2020},
		Urlaccessdate = {28 jan. 2020},
	}
	
	@misc{vintecinco,
		author = {Ardupilot.org},
		title = {MavProxy},
		url = {https://ardupilot.org/mavproxy/},
		year = {2020},
		Urlaccessdate = {9 fev. 2020},
	}
	
	
	@misc{vinteseis,
		author = {Ardupilot.org},
		title = {SITL Simulator (Software in the Loop)},
		url = {https://ardupilot.org/dev/docs/sitl-simulator-software-in-the-loop.html},
		year = {2020},
		Urlaccessdate = {9 fev. 2020},
	}
	
	@misc{vintesete,
		author = {Blog.Dlib.net},
		title = {High Quality Face Recognition with Deep Metric Learning},
		url = {http://blog.dlib.net/2017/02/high-quality-face-recognition-with-deep.html},
		year = {2017},
		Urlaccessdate = {30 abr. 2020},
	}
	
	@misc{vinteoito,
		author = {Adam Geitgey
		},
		title = {Machine Learning is Fun! Part 4: Modern Face Recognition with Deep Learning},
		url = {https://medium.com/@ageitgey/machine-learning-is-fun-part-4-modern-face-recognition-with-deep-learning-c3cffc121d78},
		year = {2016},
		Urlaccessdate = {30 abr. 2020},
	}

	@article{vintenove,
		Author = "Leandro Zanotto and Anselmo Ferreira and Marcelo Matsumoto",
		Address = "São Paulo",
		Pages = "1-7",
		Title = "Arquitetura e Programa\c{c}{\~a}o de GPU Nvidia",
		Year = "2020",
	}

		@book{trinta,
		author = {Wes McKinney},
		title = {Python Para Análise de Dados: Tratamento de Dados com Pandas, NumPy e IPythons},
		date = {2018},
		year = {2018},
		editora = {Novatec Editora},
		edition = {1},
		location = {Nova York},
		pages = {616},
	}
	
	
	
	@misc{trintaum,
		author = {Gazebosim},
		title = {Why Gazebo?},
		url = {http://gazebosim.org/},
		year = {2020},
		Urlaccessdate = {1 mai. 2020},
	}

	@article{article1,
		author = {Ali Kissai  and Milton Smith},
		year = {2019},
		month = {05},
		pages = {46-53},
		title = {Electronic Navigation System based on the use of Alternate Coordinate System and Polar Stereographic Projection for UAVs operating in Polar Regions},
		volume = {1},
		journal = {International Journal of Aeronautics and Aerospace Engineering},
		doi = {10.18689/ijae-1000107}
	}

	@article{article2,
		author = {Munguía, R.},
		year = {2014},
		month = {08},
		pages = {803-814},
		title = {A GPS-aided Inertial Navigation System in Direct Configuration},
		volume = {12},
		journal = {Journal of Applied Research and Technology},
		doi = {10.1016/S1665-6423(14)70096-3}
	}

	@misc{jsbsim,
	author = {JSBSim},
	title = {JSBSim Reference Manual},
	url = {https://jsbsim-team.github.io/jsbsim-reference-manual/mypages/user-manual-frames-of-reference/},
	year = {2020},
	}

	@misc{googlecoral,
		author = {Coral.ai},
		title = {Google Coral Dev Board},
		url = {https://coral.ai/products/dev-board},
		year = {2020},
	}

	@misc{nvidiajetson,
		author = {Nvidia.com},
		title = {Nvidia Jetson Nano},
		url = {https://www.nvidia.com/pt-br/autonomous-machines/embedded-systems/jetson-nano/},
		year = {2020},
	}